@article{Bonacich72,
  title={Factoring and weighting approaches to status scores and clique identification},
  author={Bonacich, Phillip},
  journal={Journal of mathematical sociology},
  volume={2},
  number={1},
  pages={113--120},
  year={1972},
  publisher={Taylor \& Francis}
}

@article{Freeman77,
  title={A set of measures of centrality based on betweenness},
  author={Freeman, LC},
  journal={Sociometry},
  year={1977}
}

@article{Marchiori00,
  title={Harmony in the small-world},
  author={Marchiori, Massimo and Latora, Vito},
  journal={Physica A: Statistical Mechanics and its Applications},
  volume={285},
  number={3-4},
  pages={539--546},
  year={2000},
  publisher={Elsevier}
}

@article{Boldi14,
  title={Axioms for centrality},
  author={Boldi, Paolo and Vigna, Sebastiano},
  journal={Internet Mathematics},
  volume={10},
  number={3-4},
  pages={222--262},
  year={2014},
  publisher={Taylor \& Francis}
}

@article{Bloch23,
  title={Centrality measures in networks},
  author={Bloch, Francis and Jackson, Matthew O and Tebaldi, Pietro},
  journal={Social Choice and Welfare},
  volume={61},
  number={2},
  pages={413--453},
  year={2023},
  publisher={Springer}
}

@article{Katz53,
  title={A new status index derived from sociometric analysis},
  author={Katz, Leo},
  journal={Psychometrika},
  volume={18},
  number={1},
  pages={39--43},
  year={1953},
  publisher={Springer}
}

@article{Bavelas50,
  title={Communication patterns in task-oriented groups},
  author={Bavelas, Alex},
  journal={The journal of the acoustical society of America},
  volume={22},
  number={6},
  pages={725--730},
  year={1950},
  publisher={AIP Publishing}
}

@article{Seeley49,
  title={The net of reciprocal influence. a problem in treating sociometric data},
  author={Seeley, John R},
  journal={Canadian Journal of Experimental Psychology},
  volume={3},
  pages={234},
  year={1949},
  publisher={Canadian Psychological Association}
}

@article{Borgatti05,
  title={Centrality and network flow},
  author={Borgatti, Stephen P},
  journal={Social networks},
  volume={27},
  number={1},
  pages={55--71},
  year={2005},
  publisher={Elsevier}
}

@article{Landherr10,
  title={A critical review of centrality measures in social networks},
  author={Landherr, Andrea and Friedl, Bettina and Heidemann, Julia},
  journal={Business \& Information Systems Engineering},
  volume={2},
  pages={371--385},
  year={2010},
  publisher={Springer}
}

@article{Das18,
  title={Study on centrality measures in social networks: a survey},
  author={Das, Kousik and Samanta, Sovan and Pal, Madhumangal},
  journal={Social network analysis and mining},
  volume={8},
  pages={1--11},
  year={2018},
  publisher={Springer}
}

@article{Lee19,
  title={Combinatorial Test Design Using Design-Time Decisions for Variability},
  author={Lee, Jihyun and Hwang, Sunmyung},
  journal={International Journal of Software Engineering and Knowledge Engineering},
  volume={29},
  number={08},
  pages={1141--1158},
  year={2019},
  publisher={World Scientific}
}

@article{AlHajjaji19,
  title={Effective product-line testing using similarity-based product prioritization},
  author={Al-Hajjaji, Mustafa and Th{\"u}m, Thomas and Lochau, Malte and Meinicke, Jens and Saake, Gunter},
  journal={Software \& Systems Modeling},
  volume={18},
  pages={499--521},
  year={2019},
  publisher={Springer}
}

@inproceedings{Patel13,
  title={Combinatorial interaction testing with multi-perspective feature models},
  author={Patel, Sachin and Gupta, Priya and Shah, Vipul},
  booktitle={2013 IEEE Sixth International Conference on Software Testing, Verification and Validation Workshops},
  pages={321--330},
  year={2013},
  organization={IEEE}
}

@article{Lochau12,
  title={Model-based pairwise testing for feature interaction coverage in software product line engineering},
  author={Lochau, Malte and Oster, Sebastian and Goltz, Ursula and Sch{\"u}rr, Andy},
  journal={Software Quality Journal},
  volume={20},
  pages={567--604},
  year={2012},
  publisher={Springer}
}

@inproceedings{Oster10,
  title={Automated incremental pairwise testing of software product lines},
  author={Oster, Sebastian and Markert, Florian and Ritter, Philipp},
  booktitle={International Conference on Software Product Lines},
  pages={196--210},
  year={2010},
  organization={Springer}
}

@article{Agh24,
  title={Software product line testing: a systematic literature review},
  author={Agh, Halimeh and Azamnouri, Aidin and Wagner, Stefan},
  journal={Empirical Software Engineering},
  volume={29},
  number={6},
  pages={146},
  year={2024},
  publisher={Springer}
}

@book{Stroustrup94,
  title={The design and evolution of C++},
  author={Stroustrup, Bjarne},
  year={1994},
  publisher={Pearson Education India}
}

@article{Matsakis14,
  title={The rust language},
  author={Matsakis, Nicholas D and Klock, Felix S},
  journal={ACM SIGAda Ada Letters},
  volume={34},
  number={3},
  pages={103--104},
  year={2014},
  publisher={ACM New York, NY, USA}
}

@article{Girard87,
  title={Linear logic},
  author={Girard, Jean-Yves},
  journal={Theoretical computer science},
  volume={50},
  number={1},
  pages={1--101},
  year={1987},
  publisher={Elsevier}
}

@book{Girard95,
  title={Advances in linear logic},
  author={Girard, Jean-Yves and Lafont, Yves and Regnier, Laurent},
  volume={222},
  year={1995},
  publisher={Cambridge University Press}
}

@inproceedings{Wadler90,
  title={Linear types can change the world!},
  author={Wadler, Philip},
  booktitle={Programming concepts and methods},
  volume={3},
  number={4},
  pages={5},
  year={1990},
  organization={Citeseer}
}

@inproceedings{Odersky92,
  title={Observers for linear types},
  author={Odersky, Martin},
  booktitle={European Symposium on Programming},
  pages={390--407},
  year={1992},
  organization={Springer}
}


%%%%%%%%%%%%%%%%%%%%%%%%%%%%%%%%%%%%%%%%

@article{Test,
  title={Test},
  author={Test},
  journal={Test},
  volume={0},
  pages={0},
  year={0}
}


